@misc{audio,
    title = "10 Unity Audio Tips (That You Won’t Find in the Tutorials)",
    howpublished = "\url{https://gamedevbeginner.com/10-unity-audio-tips-that-you-wont-find-in-the-tutorials-2/?fbclid=IwAR0X451xD8c1iP9wiQjQ6fY723mUs75ed9pesUXOb4iEzdDWvrqqO-tOgns}",
    month = "August",
    year = "2022"
}
@misc{optimization,
    title = "Unity3d QuickTip #31 – Optymalizacja gry: Skrypty",
    howpublished = "\url{https://mwin.pl/unity3d-quicktip-31-optymalizacja-gry-part-i-skrypty/}",
    month = "August",
    year = "2015"
}
@misc{navMesh,
    title = "High-level NavMesh Building Components",
    howpublished = "\url{https://github.com/Unity-Technologies/NavMeshComponents/tree/master/Documentation}",
    month = "April",
    year = "2017"
}
@misc{ui,
    title = "Unity UI Best Practices",
    howpublished = "\url{https://medium.com/@dariarodionovano/unity-ui-best-practices-40964a7a9aba}",
    month = "June",
    year = "2018"
}
@misc{random,
    title = "Difference between System.Random and UnityEngine.Random",
    howpublished = "\url{https://discussions.unity.com/t/what-is-the-difference-between-system-random-and-unityengine-random/160442}",
    month = "March",
    year = "2016"
}